% reference guide
% https://guides.lib.chalmers.se/c.php?g=687391&p=4915849

@article{milner1978theory,
  title={A theory of type polymorphism in programming},
  author={Milner, Robin},
  journal={Journal of computer and system sciences},
  volume={17},
  number={3},
  pages={348--375},
  year={1978},
  publisher={Elsevier}
}

@online{wiki_c,
    title= "C (programming language)",
    url= "https://en.wikipedia.org/wiki/C_(programming_language)",
    keywords= "C,programming,language"
}


@misc{ACM,
    title={The code affirms an obligation of computing professionals to use their skills for the benefit of society.},
    url={https://www.acm.org/code-of-ethics},
    journal={Code of Ethics},
    publisher={Association for Computing Machinery},
    author={Association for Computing Machinery, ACM},
    year={2018}
} 

@misc{bnfc,
   title={The {BNF} converter},
   url={http://bnfc.digitalgrammars.com/},
   journal={The BNF Converter},
   publisher={Chalmers University of Technology and University of Gothenburg},
}

@misc{llvm,
  title={The {LLVM} {Compiler} {Infrastructure}},
  url={https://llvm.org/},
  journal={The LLVM Compiler Infrastructure Project},
  publisher={LLVM Foundation}
} 

@article{girard1986system,
  title={The system {F} of variable types, fifteen years later},
  author={Girard, Jean-Yves},
  journal={Theoretical computer science},
  volume={45},
  pages={159--192},
  year={1986},
  publisher={Elsevier}
}

@misc{go,
    title={Hey! {Ho! Let's Go!}},
    year={2009},
    url={https://opensource.googleblog.com/2009/11/hey-ho-lets-go.html},
    urldate={2023-02-06},
    howpublished={Google Open Source},
    author={Robert Griesemer, and others},
}

@misc{rustinfl,
    title={Influences - {The Rust References}},
    url={https://doc.rust-lang.org/reference/influences.html},
    urldate={2023-02-07},
    howpublised={The Rust Foundation},
    author={The Rust Foundation},
}

@inproceedings{claessen2000quickcheck,
  title={QuickCheck: a lightweight tool for random testing of {Haskell} programs},
  author={Claessen, Koen and Hughes, John},
  booktitle={Proceedings of the fifth ACM SIGPLAN international conference on Functional programming},
  pages={268--279},
  year={2000}
}
